@wiki{linearregression, 
    title = "{Linear regression}",           
    author = "{Wikipedia}",
    url = "https://en.wikipedia.org/wiki/Linear_regression"

}
@wiki{Multicollinearity,
    title = "{Multicollinearity}",
    author = "{Wikipedia}",
    url = "https://en.wikipedia.org/wiki/Multicollinearity"
}

@sne{vejr2018,
    title = "{Se billederne - Danmark igen ramt af vintervejr}",
    author = "TV 2",
    url = "http://vejr.tv2.dk/2018-04-03-se-billederne-danmark-igen-ramt-af-vintervejr"
}

\section{Books}
@book{Time_Series_Analysis,
    title = "{Time Series Analysis}",
    author = "Henrik Madsen"
}

@book{Stat_bog,
    title = "{Statistics: An introduction using R}",
    author = "Michael J. Crawley"
}

@book{Stat_bog2,
    title = "{A Modern Approach to Regression with R}",
    author = "Simon J. Sheather"
}

@cond{Condition_description,
    title = "{Description of the attribute Condition}",
    url = "https://www.wunderground.com/weather/api/d/docs?d=resources%2Fphrase-glossary&_ga=2.166768631.87242339.1555497846-195014723.1555497846&fbclid=IwAR3NANmRzhGE0uS4m5YqMu06_qJDJFQ7-Wd3xWjKPV68Njtso_4PSVuVk9o"
}
