% Encoding: UTF-8

@TechReport{ENFOR2010a,
  author    = {ENFOR},
  title     = {Analysis of energy consumption in single family houses},
  year      = {2010},
  note      = {Prepared by ENFOR A/S for The Danish Electricity Saving Trust. Document ID: 03EKS0009A002-A.},
  file      = {:techreports/note_enerConsSdb_pub.pdf:PDF},
  groups    = {Buildings, PerformanceKPI},
  owner     = {pb},
  timestamp = {2010.10.04},
  url       = {http://www.enfor.dk/pub/03EKS0009A002-A.pdf},
}

@TechReport{ENFOR2010,
  author    = {ENFOR},
  title     = {Detailed measurements of heat and electricity consumption in SÃ¸nderborg households during the heating season 08/09},
  year      = {2010},
  file      = {ENFOR2010.pdf:ENFOR2010.pdf:PDF},
  groups    = {Buildings},
  owner     = {pb},
  timestamp = {2010.10.04},
  url       = {http://www.enfor.dk/pub/03EKS0009A002-A.pdf},
}

@TechReport{Nielsen2008,
  author      = {Nielsen, Henrik Aalborg},
  title       = {Estimation of {UA}-values for single-family houses},
  institution = {ENFOR},
  year        = {2008},
  file        = {:techreports/simpleUAhorsensFinal.pdf:PDF},
  groups      = {Buildings, single house forecasting, PerformanceKPI},
  owner       = {pbac},
  timestamp   = {2018.02.26},
}

@Conference{Bacher2013b,
  author    = {Bacher, Peder, and Madsen, Henrik and Nielsen, Henrik Aalborg and Mortensen, Stig Bousgaard},
  title     = {Modelling and evaluation of building thermal performance from smart meter readings},
  booktitle = {HIGH PERFORMANCE BUILDINGS - Design and Evaluation Methodologies -},
  year      = {2013},
  file      = {Bacher2013b.pdf:Bacher2013b.pdf:PDF},
  groups    = {PerformanceKPI},
  owner     = {pb},
  quality   = {1},
  timestamp = {2013.08.19},
}

@Book{Madsen2015,
  title     = {Thermal Performance Characterization using Time Series Data - IEA EBC Annex 58 Guidelines},
  publisher = {Technical University of Denmark (DTU)},
  year      = {2015},
  author    = {Henrik Madsen and Peder Bacher and Geert Bauwens and An-Heleen Deconinck and Glenn Reynders and Staf Roels and Eline Himpe and Guillaume Lethe},
  owner     = {pb},
  timestamp = {2016.07.29},
}

@Comment{jabref-meta: databaseType:bibtex;}
